<collection xmlns="http://www.loc.gov/MARC21/slim">
<record>
  <leader>01527nam0a22002651i 450 </leader>
  <controlfield tag="001">IT\ICCU\CNCE\057757</controlfield>
  <controlfield tag="005">20100514000000.0</controlfield>
  <datafield tag="100" ind1=" " ind2=" ">
    <subfield code="a">20040427d1501        0itac0103    ba</subfield>
  </datafield>
  <datafield tag="101" ind1=" " ind2=" ">
    <subfield code="a">LAT</subfield>
  </datafield>
  <datafield tag="102" ind1=" " ind2=" ">
    <subfield code="a">IT</subfield>
  </datafield>
  <datafield tag="200" ind1="1" ind2=" ">
    <subfield code="a">Practica aurea d. Abbatis Panormitani in utroque I. monarce de modo procedendi in iudicijs que in omnibus fere curijs obseruari consueuit</subfield>
  </datafield>
  <datafield tag="210" ind1=" " ind2=" ">
    <subfield code="e">Impressum Mediolani</subfield>
    <subfield code="g">per magistrum Leonardum Pachel</subfield>
    <subfield code="h">1501 die xv Octobris</subfield>
  </datafield>
  <datafield tag="215" ind1=" " ind2=" ">
    <subfield code="a">2 pt.</subfield>
    <subfield code="d">fol</subfield>
  </datafield>
  <datafield tag="300" ind1=" " ind2=" ">
    <subfield code="a">2: Glosa Clemen. cum quibusdam allegationibus occurrentibus nota digne per d. Abba. Siculum in utroque iur. monarcham compilat. - (Impressum Mediolani : per magistrum Leonardum Pachel : ad impensas magistri Ioannis de Legnano, 1501 die vj Nouembr.)</subfield>
  </datafield>
  <datafield tag="423" ind1=" " ind2="0">
    <subfield code="1">001IT\ICCU\CNCE\057758</subfield>
    <subfield code="1">2001 </subfield>
    <subfield code="a">Glosa. Clemen. cum quibusdam allegationibus occurrentibus nota digne per d. Abba. Siculum in utroque iur. monarcham compilat</subfield>
  </datafield>
  <datafield tag="620" ind1=" " ind2=" ">
    <subfield code="a">IT</subfield>
    <subfield code="d">Milano</subfield>
  </datafield>
  <datafield tag="700" ind1=" " ind2="1">
    <subfield code="a">Tedeschi,</subfield>
    <subfield code="b"></subfield>
    <subfield code="3">IT\ICCU\CNCA\003129</subfield>
  </datafield>
  <datafield tag="712" ind1="0" ind2="0">
    <subfield code="a">Pachel, Leonhard</subfield>
    <subfield code="3">IT\ICCU\CNCT\000080</subfield>
    <subfield code="4">650</subfield>
  </datafield>
  <datafield tag="712" ind1="0" ind2="0">
    <subfield code="a">Da_Legnano, Giovanni</subfield>
    <subfield code="3">IT\ICCU\CNCT\001075</subfield>
    <subfield code="4">650</subfield>
  </datafield>
  <datafield tag="790" ind1=" " ind2="0">
    <subfield code="a">Abbas</subfield>
    <subfield code="c"> :  Panormitanus</subfield>
    <subfield code="3">IT\ICCU\CNCA\006539</subfield>
    <subfield code="z"></subfield>
  </datafield>
  <datafield tag="790" ind1=" " ind2="0">
    <subfield code="a">Nicolaus</subfield>
    <subfield code="c"> : Panormitanus</subfield>
    <subfield code="3">IT\ICCU\CNCA\014762</subfield>
    <subfield code="z"></subfield>
  </datafield>
  <datafield tag="790" ind1=" " ind2="1">
    <subfield code="a">Tudeschis,</subfield>
    <subfield code="b">Nicolaus : de</subfield>
    <subfield code="3">IT\ICCU\CNCA\014972</subfield>
    <subfield code="z"></subfield>
  </datafield>
  <datafield tag="791" ind1="0" ind2="0">
    <subfield code="a">Lignano, Ioannes de</subfield>
    <subfield code="3">IT\ICCU\CNCT\003699</subfield>
    <subfield code="z">Da_Legnano, Giovanni</subfield>
  </datafield>
  <datafield tag="791" ind1="0" ind2="0">
    <subfield code="a">Legnano, Giovanni</subfield>
    <subfield code="3">IT\ICCU\CNCT\004465</subfield>
    <subfield code="z">Da_Legnano, Giovanni</subfield>
  </datafield>
  <datafield tag="801" ind1=" " ind2="3">
    <subfield code="a">IT</subfield>
    <subfield code="b">ICCU</subfield>
    <subfield code="c">20201115</subfield>
  </datafield>
</record>
</collection>
